<?xml version="1.0"?>
<marc:collection xmlns:marc="http://www.loc.gov/MARC21/slim" xmlns:xsi="http://www.w3.org/2001/XMLSchema-instance" xsi:schemaLocation="http://www.loc.gov/MARC21/slim http://www.loc.gov/standards/marcxml/schema/MARC21slim.xsd">
   <marc:record type="Bibliographic">
      <marc:leader>01937cam a2200457   4500</marc:leader>
      <marc:controlfield tag="001">331926</marc:controlfield>
      <marc:controlfield tag="003">NjP</marc:controlfield>
      <marc:controlfield tag="005">20120716100848.0</marc:controlfield>
      <marc:controlfield tag="008">860930q19601969iq            000 0 arard</marc:controlfield>
      <marc:datafield tag="024" ind1="7" ind2=" ">
         <marc:subfield code="a">princeton_aco000076</marc:subfield>
         <marc:subfield code="2">local</marc:subfield>
      </marc:datafield>
      <marc:datafield tag="010" ind1=" " ind2=" ">
         <marc:subfield code="a">   74221236 </marc:subfield>
      </marc:datafield>
      <marc:datafield tag="035" ind1=" " ind2=" ">
         <marc:subfield code="a">(OCoLC)36249950</marc:subfield>
      </marc:datafield>
      <marc:datafield tag="035" ind1=" " ind2=" ">
         <marc:subfield code="a">(OCoLC)ocn175815884</marc:subfield>
      </marc:datafield>
      <marc:datafield tag="035" ind1=" " ind2=" ">
         <marc:subfield code="a">(OCoLC)175815884</marc:subfield>
      </marc:datafield>
      <marc:datafield tag="035" ind1=" " ind2=" ">
         <marc:subfield code="a">(CStRLIN)NJPG86-B42729</marc:subfield>
      </marc:datafield>
      <marc:datafield tag="035" ind1=" " ind2=" ">
         <marc:subfield code="9">ABQ7255TS</marc:subfield>
      </marc:datafield>
      <marc:datafield tag="035" ind1=" " ind2=" ">
         <marc:subfield code="a">(NjP)331926</marc:subfield>
      </marc:datafield>
      <marc:datafield tag="040" ind1=" " ind2=" ">
         <marc:subfield code="a">PUL</marc:subfield>
         <marc:subfield code="c">PUL</marc:subfield>
         <marc:subfield code="d">PUL</marc:subfield>
      </marc:datafield>
      <marc:datafield tag="049" ind1=" " ind2=" ">
         <marc:subfield code="a">PULL</marc:subfield>
      </marc:datafield>
      <marc:datafield tag="050" ind1="0" ind2=" ">
         <marc:subfield code="a">PJ6131</marc:subfield>
         <marc:subfield code="b">.S18 1960z</marc:subfield>
      </marc:datafield>
      <marc:datafield tag="079" ind1=" " ind2=" ">
         <marc:subfield code="a">ocm36249950</marc:subfield>
      </marc:datafield>
      <marc:datafield tag="100" ind1="1" ind2=" ">
         <marc:subfield code="6">880-01</marc:subfield>
         <marc:subfield code="a">S&#x323;a&#x304;gha&#x304;ni&#x304;, al-H&#x323;asan ibn Muh&#x323;ammad,</marc:subfield>
         <marc:subfield code="d">1181-1252.</marc:subfield>
      </marc:datafield>
      <marc:datafield tag="245" ind1="1" ind2="0">
         <marc:subfield code="6">880-02</marc:subfield>
         <marc:subfield code="a">Kita&#x304;b yaf&#x2BB;u&#x304;l,</marc:subfield>
         <marc:subfield code="c">li-Rad&#x323;i&#x304; al-Di&#x304;n al-H&#x323;asan ibn Muh&#x323;ammad al-S&#x323;a&#x304;gha&#x304;ni&#x304;. Bi-tah&#x323;qi&#x304;q Ibra&#x304;hi&#x304;m al-Sa&#x304;marra&#x304;&#x2BC;i&#x304;.</marc:subfield>
      </marc:datafield>
      <marc:datafield tag="260" ind1=" " ind2=" ">
         <marc:subfield code="6">880-03</marc:subfield>
         <marc:subfield code="a">Bas&#x323;rah,</marc:subfield>
         <marc:subfield code="b">Da&#x304;r al-T&#x323;iba&#x304;&#x2BB;ah al-H&#x323;adi&#x304;thah,</marc:subfield>
         <marc:subfield code="c">[196-?]</marc:subfield>
      </marc:datafield>
      <marc:datafield tag="300" ind1=" " ind2=" ">
         <marc:subfield code="a">41 p.</marc:subfield>
         <marc:subfield code="c">24 cm.</marc:subfield>
      </marc:datafield>
      <marc:datafield tag="500" ind1=" " ind2=" ">
         <marc:subfield code="a">Cover title.</marc:subfield>
      </marc:datafield>
      <marc:datafield tag="500" ind1=" " ind2=" ">
         <marc:subfield code="a">Added cover title: Kita&#x304;b yaf&#x2BB;u&#x304;l [par] al-S&#x323;a&#x304;ga&#x304;ni&#x304;.</marc:subfield>
      </marc:datafield>
      <marc:datafield tag="500" ind1=" " ind2=" ">
         <marc:subfield code="6">880-04</marc:subfield>
         <marc:subfield code="a">"Mustall min majallat Kulli&#x304;yat al-A&#x304;da&#x304;b bi-Ja&#x304;mi&#x2BB;at Bas&#x323;rah, al-&#x2BB;adad al-kha&#x304;mis."</marc:subfield>
      </marc:datafield>
      <marc:datafield tag="650" ind1=" " ind2="0">
         <marc:subfield code="a">Arabic language</marc:subfield>
         <marc:subfield code="x">Word formation.</marc:subfield>
      </marc:datafield>
      <marc:datafield tag="700" ind1="1" ind2=" ">
         <marc:subfield code="6">880-05</marc:subfield>
         <marc:subfield code="a">Sa&#x304;marra&#x304;&#x2BC;i&#x304;, Ibra&#x304;hi&#x304;m.</marc:subfield>
      </marc:datafield>
      <marc:datafield tag="740" ind1="0" ind2=" ">
         <marc:subfield code="6">880-06</marc:subfield>
         <marc:subfield code="a">Yaf&#x2BB;u&#x304;l.</marc:subfield>
      </marc:datafield>
      <marc:datafield tag="880" ind1="1" ind2=" ">
         <marc:subfield code="6">100-01/r</marc:subfield>
         <marc:subfield code="a">&#x635;&#x627;&#x63A;&#x627;&#x646;&#x64A;&#x60C; &#x627;&#x644;&#x62D;&#x633;&#x646; &#x628;&#x646; &#x645;&#x62D;&#x645;&#x62F;&#x60C;</marc:subfield>
         <marc:subfield code="d">1181-1252.</marc:subfield>
      </marc:datafield>
      <marc:datafield tag="880" ind1="1" ind2="0">
         <marc:subfield code="6">245-02/r</marc:subfield>
         <marc:subfield code="a">&#x643;&#x62A;&#x627;&#x628; &#x64A;&#x641;&#x639;&#x648;&#x644;&#x60C;</marc:subfield>
         <marc:subfield code="c">&#x644;&#x631;&#x636;&#x64A; &#x627;&#x644;&#x62F;&#x64A;&#x646; &#x627;&#x644;&#x62D;&#x633;&#x646; &#x628;&#x646; &#x645;&#x62D;&#x645;&#x62F; &#x627;&#x644;&#x635;&#x627;&#x63A;&#x627;&#x646;&#x64A;. &#x628;&#x62A;&#x62D;&#x642;&#x64A;&#x642; &#x627;&#x628;&#x631;&#x627;&#x647;&#x64A;&#x645; &#x627;&#x644;&#x633;&#x627;&#x645;&#x631;&#x627;&#x626;&#x64A;.</marc:subfield>
      </marc:datafield>
      <marc:datafield tag="880" ind1=" " ind2=" ">
         <marc:subfield code="6">260-03/r</marc:subfield>
         <marc:subfield code="a">&#x628;&#x635;&#x631;&#x629;&#x60C;</marc:subfield>
         <marc:subfield code="b">&#x62F;&#x627;&#x631; &#x627;&#x644;&#x637;&#x628;&#x627;&#x639;&#x629; &#x627;&#x644;&#x62D;&#x62F;&#x64A;&#x62B;&#x629;&#x60C;</marc:subfield>
         <marc:subfield code="c">[196-&#x61F;]</marc:subfield>
      </marc:datafield>
      <marc:datafield tag="880" ind1=" " ind2=" ">
         <marc:subfield code="6">500-04/r</marc:subfield>
         <marc:subfield code="a">"&#x645;&#x633;&#x62A;&#x644; &#x645;&#x646; &#x645;&#x62C;&#x644;&#x629; &#x643;&#x644;&#x64A;&#x629; &#x627;&#x644;&#x627;&#x62F;&#x627;&#x628; &#x628;&#x62C;&#x627;&#x645;&#x639;&#x629; &#x628;&#x635;&#x631;&#x629;&#x60C; &#x627;&#x644;&#x639;&#x62F;&#x62F; &#x627;&#x644;&#x62E;&#x627;&#x645;&#x633;."</marc:subfield>
      </marc:datafield>
      <marc:datafield tag="880" ind1="1" ind2=" ">
         <marc:subfield code="6">700-05/r</marc:subfield>
         <marc:subfield code="a">&#x633;&#x627;&#x645;&#x631;&#x627;&#x626;&#x64A;&#x60C; &#x627;&#x628;&#x631;&#x627;&#x647;&#x64A;&#x645;.</marc:subfield>
      </marc:datafield>
      <marc:datafield tag="880" ind1="0" ind2=" ">
         <marc:subfield code="6">740-06/r</marc:subfield>
         <marc:subfield code="a">&#x64A;&#x641;&#x639;&#x648;&#x644;.</marc:subfield>
      </marc:datafield>
      <marc:datafield tag="998" ind1=" " ind2=" ">
         <marc:subfield code="a">09/30/86</marc:subfield>
         <marc:subfield code="s">9124</marc:subfield>
         <marc:subfield code="n">NjP</marc:subfield>
         <marc:subfield code="w">NJPG86B42729</marc:subfield>
         <marc:subfield code="d">09/30/86</marc:subfield>
         <marc:subfield code="c">RNG</marc:subfield>
         <marc:subfield code="b">JCB</marc:subfield>
         <marc:subfield code="i">860930</marc:subfield>
         <marc:subfield code="l">NJPG</marc:subfield>
      </marc:datafield>
      <marc:datafield tag="948" ind1=" " ind2=" ">
         <marc:subfield code="a">CON PC2</marc:subfield>
      </marc:datafield>
      <marc:datafield tag="911" ind1=" " ind2=" ">
         <marc:subfield code="a">19921028</marc:subfield>
      </marc:datafield>
      <marc:datafield tag="912" ind1=" " ind2=" ">
         <marc:subfield code="a">19900827000000.0</marc:subfield>
      </marc:datafield>
      <marc:datafield tag="994" ind1=" " ind2=" ">
         <marc:subfield code="a">C0</marc:subfield>
         <marc:subfield code="b">PUL</marc:subfield>
      </marc:datafield>
      <marc:datafield tag="999" ind1=" " ind2=" ">
         <marc:subfield code="a">331926</marc:subfield>
      </marc:datafield>
   </marc:record>
</marc:collection>
